<?xml version="1.0" encoding="UTF-8"?><collection xmlns="http://www.loc.gov/MARC21/slim"><record><leader>00485nam--2200181-i-4500</leader><controlfield tag="001">000039594</controlfield><controlfield tag="002">20161230</controlfield><controlfield tag="005">20161230201042</controlfield><controlfield tag="008">060222s1000------------r-----000-0-rum-d</controlfield><datafield ind1=" " ind2=" " tag="040"><subfield code="a">IFIN-HH</subfield></datafield><datafield ind1=" " ind2=" " tag="041"><subfield code="a">rum</subfield></datafield><datafield ind1=" " ind2=" " tag="080"><subfield code="a">538.955(075.8)</subfield></datafield><datafield ind1="1" ind2=" " tag="100"><subfield code="a">Rosenberg, Mihai</subfield></datafield><datafield ind1="1" ind2="0" tag="245"><subfield code="a">Proprietatile magnetice ale corpului solid</subfield><subfield code="c">Mihai rosenberg</subfield></datafield><datafield ind1=" " ind2=" " tag="260"><subfield code="a">Bucuresti</subfield><subfield code="b">Editura Didactica Si Pedagogica</subfield><subfield code="c">1963</subfield></datafield><datafield ind1=" " ind2=" " tag="300"><subfield code="a">391P</subfield></datafield><datafield ind1=" " ind2=" " tag="852"><subfield code="a">9347</subfield><subfield code="c">539.2</subfield></datafield><datafield ind1=" " ind2=" " tag="CAT"><subfield code="a">Sys</subfield><subfield code="c">20120718</subfield><subfield code="h">161656</subfield></datafield></record></collection>